@misc{randombytes,
  author       = {Daniel J. Bernstein},
  title        = {librandombytes: Cryptographically secure random number generator},
  howpublished = {\url{https://randombytes.cr.yp.to/index.html}},
  year         = {2023}
}

@article{DBLP:journals/toms/BlackmanV21,
  author       = {David Blackman and
                  Sebastiano Vigna},
  title        = {Scrambled Linear Pseudorandom Number Generators},
  journal      = {{ACM} Trans. Math. Softw.},
  volume       = {47},
  number       = {4},
  pages        = {36:1--36:32},
  year         = {2021},
  url          = {https://doi.org/10.1145/3460772},
  doi          = {10.1145/3460772},
  timestamp    = {Tue, 16 Aug 2022 23:08:05 +0200},
  biburl       = {https://dblp.org/rec/journals/toms/BlackmanV21.bib},
  bibsource    = {dblp computer science bibliography, https://dblp.org}
}

@article{DBLP:journals/cc/Alekhnovich11a,
  author       = {Michael Alekhnovich},
  title        = {More on Average Case vs Approximation Complexity},
  journal      = {Comput. Complex.},
  volume       = {20},
  number       = {4},
  pages        = {755--786},
  year         = {2011},
  url          = {https://doi.org/10.1007/s00037-011-0029-x},
  doi          = {10.1007/S00037-011-0029-X},
  timestamp    = {Sun, 15 Mar 2020 19:46:47 +0100},
  biburl       = {https://dblp.org/rec/journals/cc/Alekhnovich11a.bib},
  bibsource    = {dblp computer science bibliography, https://dblp.org}
}

